@inbook{FysikA,
    author = "Knud Erik Nielsen og Esper Fogh",
    title = "Vejen til Fysik A2",
    publisher = "Forlaget Hax",
    year = "2011"
    }
